@Book{Foo,
	author = "John Doe",
	title = "How to Foo",
	year = 1970,
	isbn = "1234-5678",
	edition = "7th",
	publisher = "Publisher",
	address = "Ougadougou"
} 
